<?xml version="1.0" encoding="UTF-8"?><collection xmlns="http://www.loc.gov/MARC21/slim"><record><leader>00383nam--2200145-i-4500</leader><controlfield tag="001">000007564</controlfield><controlfield tag="002">20161230</controlfield><controlfield tag="005">20170305194744</controlfield><controlfield tag="008">060222s1000------------r-----000-0-eng-d</controlfield><datafield ind1=" " ind2=" " tag="100"><subfield code="a">Dewey, M. A. P</subfield></datafield><datafield ind1=" " ind2=" " tag="245"><subfield code="a">Specimen preparation for electron metallography</subfield></datafield><datafield ind1=" " ind2=" " tag="260"><subfield code="a">Oxford</subfield><subfield code="b">Blackwell Sci.Publ</subfield><subfield code="c">1966</subfield></datafield><datafield ind1=" " ind2=" " tag="300"><subfield code="a">110 p</subfield></datafield><datafield ind1=" " ind2=" " tag="700"><subfield code="a">Brammar, I. S</subfield></datafield><datafield ind1=" " ind2=" " tag="CAT"><subfield code="a">SYS</subfield><subfield code="c">20170305</subfield><subfield code="h">194744</subfield></datafield></record></collection>